<?xml version="1.0" encoding="UTF-8"?>
  <record xmlns="http://www.loc.gov/MARC21/slim" type="Authority">
    <leader>00000nz  a2200000oc 4500</leader>
    <controlfield tag="001">128577460</controlfield>
    <controlfield tag="003">DE-101</controlfield>
    <controlfield tag="005">20080405234843.0</controlfield>
    <controlfield tag="008">031209n||aznnnaabn           | aaa    |c</controlfield>
    <datafield tag="024" ind1="7" ind2=" ">
      <subfield code="a">128577460</subfield>
      <subfield code="0">http://d-nb.info/gnd/128577460</subfield>
      <subfield code="2">gnd</subfield>
    </datafield>
    <datafield tag="035" ind1=" " ind2=" ">
      <subfield code="a">(DE-101)128577460</subfield>
    </datafield>
    <datafield tag="035" ind1=" " ind2=" ">
      <subfield code="a">(DE-588)128577460</subfield>
    </datafield>
    <datafield tag="035" ind1=" " ind2=" ">
      <subfield code="z">(DE-588a)128577460</subfield>
      <subfield code="9">v:zg</subfield>
    </datafield>
    <datafield tag="040" ind1=" " ind2=" ">
      <subfield code="a">DE-23</subfield>
      <subfield code="c">DE-23</subfield>
      <subfield code="9">r:DE-601</subfield>
      <subfield code="b">ger</subfield>
      <subfield code="d">9999</subfield>
    </datafield>
    <datafield tag="042" ind1=" " ind2=" ">
      <subfield code="a">gnd3</subfield>
    </datafield>
    <datafield tag="075" ind1=" " ind2=" ">
      <subfield code="b">p</subfield>
      <subfield code="2">gndgen</subfield>
    </datafield>
    <datafield tag="075" ind1=" " ind2=" ">
      <subfield code="b">piz</subfield>
      <subfield code="2">gndspec</subfield>
    </datafield>
    <datafield tag="079" ind1=" " ind2=" ">
      <subfield code="a">g</subfield>
    </datafield>
    <datafield tag="100" ind1="1" ind2=" ">
      <subfield code="a">Sack von Bohuniowitz, Siegmund Ferdinand</subfield>
      <subfield code="d">-1655</subfield>
    </datafield>
    <datafield tag="400" ind1="1" ind2=" ">
      <subfield code="a">Bohuniowitz, Siegmund Ferdinand Sack &#152;von&#156;</subfield>
      <subfield code="d">-1655</subfield>
    </datafield>
    <datafield tag="400" ind1="1" ind2=" ">
      <subfield code="a">Bohuniowitz, Sigmund Ferdinand Sakh &#152;von&#156;</subfield>
      <subfield code="d">-1655</subfield>
    </datafield>
    <datafield tag="400" ind1="1" ind2=" ">
      <subfield code="a">Bohunovic, Sigmund Ferdinand Sák &#152;von&#156;</subfield>
      <subfield code="d">-1655</subfield>
    </datafield>
    <datafield tag="400" ind1="1" ind2=" ">
      <subfield code="a">Sak von Bohuniowitz, Sigmund Ferdinand</subfield>
      <subfield code="d">-1655</subfield>
    </datafield>
    <datafield tag="400" ind1="1" ind2=" ">
      <subfield code="a">Sák von Bohunovic, Sigmund Ferdinand</subfield>
      <subfield code="d">-1655</subfield>
      <subfield code="9">v:Siebmacher</subfield>
    </datafield>
    <datafield tag="400" ind1="1" ind2=" ">
      <subfield code="a">Sak z Bohuniowicz, Siegmund Ferdinand</subfield>
      <subfield code="d">-1655</subfield>
    </datafield>
    <datafield tag="400" ind1="1" ind2=" ">
      <subfield code="a">Sakh von Bohuniowitz, Sigmund Ferdinand</subfield>
      <subfield code="d">-1655</subfield>
    </datafield>
    <datafield tag="400" ind1="1" ind2=" ">
      <subfield code="a">Sakh von Plumenthal, Siegmund Ferdinand</subfield>
      <subfield code="d">-1655</subfield>
    </datafield>
    <datafield tag="400" ind1="1" ind2=" ">
      <subfield code="a">Sak von Bohauniowitz, Sigmund Ferdinand</subfield>
      <subfield code="d">-1655</subfield>
    </datafield>
    <datafield tag="548" ind1=" " ind2=" ">
      <subfield code="a">-1655</subfield>
      <subfield code="4">datl</subfield>
      <subfield code="4">https://d-nb.info/standards/elementset/gnd#dateOfDeath</subfield>
      <subfield code="w">r</subfield>
      <subfield code="i">Lebensdaten</subfield>
    </datafield>
    <datafield tag="548" ind1=" " ind2=" ">
      <subfield code="a">-28.12.1655</subfield>
      <subfield code="4">datx</subfield>
      <subfield code="4">https://d-nb.info/standards/elementset/gnd#dateOfDeath</subfield>
      <subfield code="w">r</subfield>
      <subfield code="i">Exakte Lebensdaten</subfield>
    </datafield>
    <datafield tag="670" ind1=" " ind2=" ">
      <subfield code="a">-Procházka, Roman von: Genealogisches Handbuch erloschener böhmischer Herrenstandsfamilien; Adelslexikon</subfield>
    </datafield>
    <datafield tag="672" ind1=" " ind2="0">
      <subfield code="a">Kurtzer Inhalt dessen/ was bey dem: in der Königl. Stadt Brünn ... gehaltenen allgemeinen Landtag ... geschlossen worden. - 1655</subfield>
    </datafield>
    <datafield tag="678" ind1=" " ind2=" ">
      <subfield code="b">Oberstlandschreiber in Mähren</subfield>
    </datafield>
    <datafield tag="913" ind1=" " ind2=" ">
      <subfield code="S">pnd</subfield>
      <subfield code="i">a</subfield>
      <subfield code="a">Sack von Bohuniowitz, Siegmund Ferdinand</subfield>
      <subfield code="0">(DE-588a)128577460</subfield>
    </datafield>
  </record>
